<?xml version="1.0" encoding="UTF-8"?><Document xmlns="urn:iso:std:iso:20022:tech:xsd:camt.053.001.02">
    <BkToCstmrStmt>
        <GrpHdr>
            <MsgId>camt.053-2024-10-01-001</MsgId>
            <CreDtTm>2024-10-01T03:03:34</CreDtTm>
            <MsgRcpt>
                <Nm>Provider s.r.o.</Nm>
                <PstlAdr>
                    <AdrLine>Provider s.r.o.</AdrLine>
                    <AdrLine>Závěrka 473/8</AdrLine>
                    <AdrLine>Praha 6 - Břevnov</AdrLine>
                    <AdrLine>16900</AdrLine>
                </PstlAdr>
                <Id>
                    <OrgId>
                        <Othr>
                            <Id>Provider s.r.o.</Id>
                        </Othr>
                    </OrgId>
                </Id>
            </MsgRcpt>
            <AddtlInf>Měsíční</AddtlInf>
        </GrpHdr>
        <Stmt>
            <Id>CZ3755000000002800061687-20240930-M</Id>
            <ElctrncSeqNb>9</ElctrncSeqNb>
            <LglSeqNb>9</LglSeqNb>
            <CreDtTm>2024-10-01T03:03:34</CreDtTm>
            <FrToDt>
                <FrDtTm>2024-09-01T00:00:00</FrDtTm>
                <ToDtTm>2024-09-30T23:59:59</ToDtTm>
            </FrToDt>
            <Acct>
                <Id>
                    <IBAN>CZ3755000000002800061687</IBAN>
                </Id>
                <Tp>
                    <Cd>CACC</Cd>
                </Tp>
                <Ccy>CZK</Ccy>
                <Nm>Provider s.r.o.</Nm>
                <Ownr>
                    <Nm>Provider s.r.o.</Nm>
                    <PstlAdr>
                        <AdrLine>Provider s.r.o.</AdrLine>
                        <AdrLine>Závěrka 473/8</AdrLine>
                        <AdrLine>Praha 6 - Břevnov</AdrLine>
                        <AdrLine>16900</AdrLine>
                    </PstlAdr>
                    <Id>
                        <OrgId>
                            <Othr>
                                <Id>Provider s.r.o.</Id>
                            </Othr>
                        </OrgId>
                    </Id>
                </Ownr>
                <Svcr>
                    <FinInstnId>
                        <BIC>RZBCCZPP</BIC>
                        <Othr>
                            <Id>5500</Id>
                        </Othr>
                    </FinInstnId>
                </Svcr>
            </Acct>
            <Intrst>
                <Tp>
                    <Prtry>Interest Zone</Prtry>
                </Tp>
                <Rate>
                    <Tp>
                        <Pctg>12.89</Pctg>
                    </Tp>
                    <VldtyRg>
                        <Amt>
                            <FrToAmt>
                                <FrAmt>
                                    <BdryAmt>0</BdryAmt>
                                    <Incl>true</Incl>
                                </FrAmt>
                                <ToAmt>
                                    <BdryAmt>156000</BdryAmt>
                                    <Incl>true</Incl>
                                </ToAmt>
                            </FrToAmt>
                        </Amt>
                        <CdtDbtInd>DBIT</CdtDbtInd>
                        <Ccy>CZK</Ccy>
                    </VldtyRg>
                </Rate>
                <FrToDt>
                    <FrDtTm>2024-09-01T00:00:00</FrDtTm>
                    <ToDtTm>2024-09-30T23:59:59</ToDtTm>
                </FrToDt>
            </Intrst>
            <Bal>
                <Tp>
                    <CdOrPrtry>
                        <Cd>PRCD</Cd>
                    </CdOrPrtry>
                </Tp>
                <Amt Ccy="CZK">92988.92</Amt>
                <CdtDbtInd>DBIT</CdtDbtInd>
                <Dt>
                    <Dt>2024-09-01</Dt>
                </Dt>
            </Bal>
            <Bal>
                <Tp>
                    <CdOrPrtry>
                        <Cd>OPAV</Cd>
                    </CdOrPrtry>
                </Tp>
                <CdtLine>
                    <Incl>true</Incl>
                    <Amt Ccy="CZK">156000</Amt>
                </CdtLine>
                <Amt Ccy="CZK">92988.92</Amt>
                <CdtDbtInd>DBIT</CdtDbtInd>
                <Dt>
                    <Dt>2024-09-01</Dt>
                </Dt>
            </Bal>
            <Bal>
                <Tp>
                    <CdOrPrtry>
                        <Cd>CLAV</Cd>
                    </CdOrPrtry>
                </Tp>
                <Amt Ccy="CZK">63011.08</Amt>
                <CdtDbtInd>CRDT</CdtDbtInd>
                <Dt>
                    <Dt>2024-09-01</Dt>
                </Dt>
            </Bal>
            <Bal>
                <Tp>
                    <CdOrPrtry>
                        <Cd>CLBD</Cd>
                    </CdOrPrtry>
                </Tp>
                <Amt Ccy="CZK">122712.27</Amt>
                <CdtDbtInd>DBIT</CdtDbtInd>
                <Dt>
                    <Dt>2024-09-30</Dt>
                </Dt>
            </Bal>
            <Bal>
                <Tp>
                    <CdOrPrtry>
                        <Cd>XPCD</Cd>
                    </CdOrPrtry>
                </Tp>
                <CdtLine>
                    <Incl>true</Incl>
                    <Amt Ccy="CZK">156000</Amt>
                </CdtLine>
                <Amt Ccy="CZK">122712.27</Amt>
                <CdtDbtInd>DBIT</CdtDbtInd>
                <Dt>
                    <Dt>2024-09-30</Dt>
                </Dt>
            </Bal>
            <Bal>
                <Tp>
                    <CdOrPrtry>
                        <Cd>CLAV</Cd>
                    </CdOrPrtry>
                </Tp>
                <Amt Ccy="CZK">33287.73</Amt>
                <CdtDbtInd>CRDT</CdtDbtInd>
                <Dt>
                    <Dt>2024-09-30</Dt>
                </Dt>
            </Bal>
            <Bal>
                <Tp>
                    <CdOrPrtry>
                        <Cd>ITAV</Cd>
                    </CdOrPrtry>
                </Tp>
                <Amt Ccy="CZK">92988.92</Amt>
                <CdtDbtInd>DBIT</CdtDbtInd>
                <Dt>
                    <Dt>2024-09-04</Dt>
                </Dt>
            </Bal>
            <Bal>
                <Tp>
                    <CdOrPrtry>
                        <Cd>ITAV</Cd>
                    </CdOrPrtry>
                </Tp>
                <Amt Ccy="CZK">134794.47</Amt>
                <CdtDbtInd>DBIT</CdtDbtInd>
                <Dt>
                    <Dt>2024-09-10</Dt>
                </Dt>
            </Bal>
            <Bal>
                <Tp>
                    <CdOrPrtry>
                        <Cd>INFO</Cd>
                    </CdOrPrtry>
                </Tp>
                <Amt Ccy="CZK">41805.55</Amt>
                <CdtDbtInd>DBIT</CdtDbtInd>
                <Dt>
                    <Dt>2024-09-10</Dt>
                </Dt>
            </Bal>
            <Bal>
                <Tp>
                    <CdOrPrtry>
                        <Cd>ITAV</Cd>
                    </CdOrPrtry>
                </Tp>
                <Amt Ccy="CZK">134165.27</Amt>
                <CdtDbtInd>DBIT</CdtDbtInd>
                <Dt>
                    <Dt>2024-09-11</Dt>
                </Dt>
            </Bal>
            <Bal>
                <Tp>
                    <CdOrPrtry>
                        <Cd>INFO</Cd>
                    </CdOrPrtry>
                </Tp>
                <Amt Ccy="CZK">629.2</Amt>
                <CdtDbtInd>CRDT</CdtDbtInd>
                <Dt>
                    <Dt>2024-09-11</Dt>
                </Dt>
            </Bal>
            <Bal>
                <Tp>
                    <CdOrPrtry>
                        <Cd>ITAV</Cd>
                    </CdOrPrtry>
                </Tp>
                <Amt Ccy="CZK">133536.07</Amt>
                <CdtDbtInd>DBIT</CdtDbtInd>
                <Dt>
                    <Dt>2024-09-16</Dt>
                </Dt>
            </Bal>
            <Bal>
                <Tp>
                    <CdOrPrtry>
                        <Cd>INFO</Cd>
                    </CdOrPrtry>
                </Tp>
                <Amt Ccy="CZK">629.2</Amt>
                <CdtDbtInd>CRDT</CdtDbtInd>
                <Dt>
                    <Dt>2024-09-16</Dt>
                </Dt>
            </Bal>
            <Bal>
                <Tp>
                    <CdOrPrtry>
                        <Cd>ITAV</Cd>
                    </CdOrPrtry>
                </Tp>
                <Amt Ccy="CZK">131116.07</Amt>
                <CdtDbtInd>DBIT</CdtDbtInd>
                <Dt>
                    <Dt>2024-09-17</Dt>
                </Dt>
            </Bal>
            <Bal>
                <Tp>
                    <CdOrPrtry>
                        <Cd>INFO</Cd>
                    </CdOrPrtry>
                </Tp>
                <Amt Ccy="CZK">2420</Amt>
                <CdtDbtInd>CRDT</CdtDbtInd>
                <Dt>
                    <Dt>2024-09-17</Dt>
                </Dt>
            </Bal>
            <Bal>
                <Tp>
                    <CdOrPrtry>
                        <Cd>ITAV</Cd>
                    </CdOrPrtry>
                </Tp>
                <Amt Ccy="CZK">125792.07</Amt>
                <CdtDbtInd>DBIT</CdtDbtInd>
                <Dt>
                    <Dt>2024-09-19</Dt>
                </Dt>
            </Bal>
            <Bal>
                <Tp>
                    <CdOrPrtry>
                        <Cd>INFO</Cd>
                    </CdOrPrtry>
                </Tp>
                <Amt Ccy="CZK">5324</Amt>
                <CdtDbtInd>CRDT</CdtDbtInd>
                <Dt>
                    <Dt>2024-09-19</Dt>
                </Dt>
            </Bal>
            <Bal>
                <Tp>
                    <CdOrPrtry>
                        <Cd>ITAV</Cd>
                    </CdOrPrtry>
                </Tp>
                <Amt Ccy="CZK">123178.47</Amt>
                <CdtDbtInd>DBIT</CdtDbtInd>
                <Dt>
                    <Dt>2024-09-24</Dt>
                </Dt>
            </Bal>
            <Bal>
                <Tp>
                    <CdOrPrtry>
                        <Cd>INFO</Cd>
                    </CdOrPrtry>
                </Tp>
                <Amt Ccy="CZK">2613.6</Amt>
                <CdtDbtInd>CRDT</CdtDbtInd>
                <Dt>
                    <Dt>2024-09-24</Dt>
                </Dt>
            </Bal>
            <Bal>
                <Tp>
                    <CdOrPrtry>
                        <Cd>ITAV</Cd>
                    </CdOrPrtry>
                </Tp>
                <Amt Ccy="CZK">121895.87</Amt>
                <CdtDbtInd>DBIT</CdtDbtInd>
                <Dt>
                    <Dt>2024-09-29</Dt>
                </Dt>
            </Bal>
            <Bal>
                <Tp>
                    <CdOrPrtry>
                        <Cd>INFO</Cd>
                    </CdOrPrtry>
                </Tp>
                <Amt Ccy="CZK">1282.6</Amt>
                <CdtDbtInd>CRDT</CdtDbtInd>
                <Dt>
                    <Dt>2024-09-29</Dt>
                </Dt>
            </Bal>
            <Bal>
                <Tp>
                    <CdOrPrtry>
                        <Cd>ITAV</Cd>
                    </CdOrPrtry>
                </Tp>
                <Amt Ccy="CZK">121026.87</Amt>
                <CdtDbtInd>DBIT</CdtDbtInd>
                <Dt>
                    <Dt>2024-09-30</Dt>
                </Dt>
            </Bal>
            <Bal>
                <Tp>
                    <CdOrPrtry>
                        <Cd>INFO</Cd>
                    </CdOrPrtry>
                </Tp>
                <Amt Ccy="CZK">869</Amt>
                <CdtDbtInd>CRDT</CdtDbtInd>
                <Dt>
                    <Dt>2024-09-30</Dt>
                </Dt>
            </Bal>
            <TxsSummry>
                <TtlNtries>
                    <NbOfNtries>13</NbOfNtries>
                    <Sum>57456.55</Sum>
                    <TtlNetNtryAmt>29723.35</TtlNetNtryAmt>
                    <CdtDbtInd>DBIT</CdtDbtInd>
                </TtlNtries>
                <TtlCdtNtries>
                    <NbOfNtries>9</NbOfNtries>
                    <Sum>13866.6</Sum>
                </TtlCdtNtries>
                <TtlDbtNtries>
                    <NbOfNtries>4</NbOfNtries>
                    <Sum>43589.95</Sum>
                </TtlDbtNtries>
            </TxsSummry>
            <Ntry>
                <NtryRef>6727959302</NtryRef>
                <Amt Ccy="CZK">41805.55</Amt>
                <CdtDbtInd>DBIT</CdtDbtInd>
                <Sts>BOOK</Sts>
                <BookgDt>
                    <DtTm>2024-09-10T00:56:17</DtTm>
                </BookgDt>
                <ValDt>
                    <DtTm>2024-09-10T00:00:00</DtTm>
                </ValDt>
                <BkTxCd>
                    <Prtry>
                        <Cd>10000104000</Cd>
                    </Prtry>
                </BkTxCd>
                <NtryDtls>
                    <TxDtls>
                        <Refs>
                            <MsgId>1</MsgId>
                            <AcctSvcrRef>6727959302</AcctSvcrRef>
                        </Refs>
                        <RltdPties>
                            <CdtrAcct>
                                <Id>
                                    <Othr>
                                        <Id>6430089575</Id>
                                    </Othr>
                                </Id>
                                <Nm>Customer</Nm>
                            </CdtrAcct>
                        </RltdPties>
                        <RltdAgts>
                            <CdtrAgt>
                                <FinInstnId>
                                    <Othr>
                                        <Id>5500</Id>
                                    </Othr>
                                </FinInstnId>
                            </CdtrAgt>
                        </RltdAgts>
                        <AddtlTxInf>770871 INKASO 4861/23/021/SME/PRP</AddtlTxInf>
                    </TxDtls>
                </NtryDtls>
            </Ntry>
            <Ntry>
                <NtryRef>6735349568</NtryRef>
                <Amt Ccy="CZK">629.2</Amt>
                <CdtDbtInd>CRDT</CdtDbtInd>
                <Sts>BOOK</Sts>
                <BookgDt>
                    <DtTm>2024-09-11T11:01:00</DtTm>
                </BookgDt>
                <ValDt>
                    <DtTm>2024-09-11T11:00:59</DtTm>
                </ValDt>
                <BkTxCd>
                    <Prtry>
                        <Cd>10000107000</Cd>
                    </Prtry>
                </BkTxCd>
                <NtryDtls>
                    <TxDtls>
                        <Refs>
                            <MsgId>2</MsgId>
                            <AcctSvcrRef>6735349568</AcctSvcrRef>
                            <InstrId>0</InstrId>
                            <EndToEndId>178282024</EndToEndId>
                        </Refs>
                        <RltdPties>
                            <Dbtr>
                                <Nm>Customer s.r.o.</Nm>
                            </Dbtr>
                            <DbtrAcct>
                                <Id>
                                    <Othr>
                                        <Id>213085319</Id>
                                    </Othr>
                                </Id>
                                <Nm>Customer s.r.o.</Nm>
                            </DbtrAcct>
                        </RltdPties>
                        <RltdAgts>
                            <DbtrAgt>
                                <FinInstnId>
                                    <Othr>
                                        <Id>0800</Id>
                                    </Othr>
                                </FinInstnId>
                            </DbtrAgt>
                        </RltdAgts>
                        <RmtInf>
                            <Strd>
                                <CdtrRefInf>
                                    <Ref>VS:178282024</Ref>
                                </CdtrRefInf>
                            </Strd>
                            <Strd>
                                <CdtrRefInf>
                                    <Ref>KS:0</Ref>
                                </CdtrRefInf>
                            </Strd>
                        </RmtInf>
                        <AddtlTxInf>LICENCE MICROSOFT 365  - OD 28.7.2024 DO 27.8.2024</AddtlTxInf>
                    </TxDtls>
                </NtryDtls>
            </Ntry>
            <Ntry>
                <NtryRef>6752122886</NtryRef>
                <Amt Ccy="CZK">629.2</Amt>
                <CdtDbtInd>CRDT</CdtDbtInd>
                <Sts>BOOK</Sts>
                <BookgDt>
                    <DtTm>2024-09-16T13:16:05</DtTm>
                </BookgDt>
                <ValDt>
                    <DtTm>2024-09-16T13:16:04</DtTm>
                </ValDt>
                <BkTxCd>
                    <Prtry>
                        <Cd>10000107000</Cd>
                    </Prtry>
                </BkTxCd>
                <NtryDtls>
                    <TxDtls>
                        <Refs>
                            <MsgId>3</MsgId>
                            <AcctSvcrRef>6752122886</AcctSvcrRef>
                            <InstrId>0</InstrId>
                            <EndToEndId>178342024</EndToEndId>
                        </Refs>
                        <RltdPties>
                            <Dbtr>
                                <Nm>Customer s.r.o.</Nm>
                            </Dbtr>
                            <DbtrAcct>
                                <Id>
                                    <Othr>
                                        <Id>6147519349</Id>
                                    </Othr>
                                </Id>
                                <Nm>Customer s.r.o.</Nm>
                            </DbtrAcct>
                        </RltdPties>
                        <RltdAgts>
                            <DbtrAgt>
                                <FinInstnId>
                                    <Othr>
                                        <Id>0800</Id>
                                    </Othr>
                                </FinInstnId>
                            </DbtrAgt>
                        </RltdAgts>
                        <RmtInf>
                            <Strd>
                                <CdtrRefInf>
                                    <Ref>VS:178342024</Ref>
                                </CdtrRefInf>
                            </Strd>
                            <Strd>
                                <CdtrRefInf>
                                    <Ref>KS:0</Ref>
                                </CdtrRefInf>
                            </Strd>
                        </RmtInf>
                        <AddtlTxInf>MICROSOFT 365 - LICENCE - BUSINESSBASIC - 6.7.2024 - 5.8.20</AddtlTxInf>
                    </TxDtls>
                </NtryDtls>
            </Ntry>
            <Ntry>
                <NtryRef>6755907208</NtryRef>
                <Amt Ccy="CZK">968</Amt>
                <CdtDbtInd>CRDT</CdtDbtInd>
                <Sts>BOOK</Sts>
                <BookgDt>
                    <DtTm>2024-09-17T09:48:26</DtTm>
                </BookgDt>
                <ValDt>
                    <DtTm>2024-09-17T09:48:26</DtTm>
                </ValDt>
                <BkTxCd>
                    <Prtry>
                        <Cd>10000107000</Cd>
                    </Prtry>
                </BkTxCd>
                <NtryDtls>
                    <TxDtls>
                        <Refs>
                            <MsgId>4</MsgId>
                            <AcctSvcrRef>6755907208</AcctSvcrRef>
                            <EndToEndId>178322024</EndToEndId>
                        </Refs>
                        <RltdPties>
                            <DbtrAcct>
                                <Id>
                                    <Othr>
                                        <Id>2096097036</Id>
                                    </Othr>
                                </Id>
                                <Nm>Customer s.r.o.</Nm>
                            </DbtrAcct>
                        </RltdPties>
                        <RltdAgts>
                            <DbtrAgt>
                                <FinInstnId>
                                    <Othr>
                                        <Id>5500</Id>
                                    </Othr>
                                </FinInstnId>
                            </DbtrAgt>
                        </RltdAgts>
                        <RmtInf>
                            <Strd>
                                <CdtrRefInf>
                                    <Ref>VS:178322024</Ref>
                                </CdtrRefInf>
                            </Strd>
                        </RmtInf>
                        <AddtlTxInf>MICROSOFT 365 - LICENCE - 6.7.2024 - 5.8.2024</AddtlTxInf>
                    </TxDtls>
                </NtryDtls>
            </Ntry>
            <Ntry>
                <NtryRef>6755995098</NtryRef>
                <Amt Ccy="CZK">1452</Amt>
                <CdtDbtInd>CRDT</CdtDbtInd>
                <Sts>BOOK</Sts>
                <BookgDt>
                    <DtTm>2024-09-17T10:01:24</DtTm>
                </BookgDt>
                <ValDt>
                    <DtTm>2024-09-17T10:01:23</DtTm>
                </ValDt>
                <BkTxCd>
                    <Prtry>
                        <Cd>10000107000</Cd>
                    </Prtry>
                </BkTxCd>
                <NtryDtls>
                    <TxDtls>
                        <Refs>
                            <MsgId>5</MsgId>
                            <AcctSvcrRef>6755995098</AcctSvcrRef>
                            <InstrId>0</InstrId>
                            <EndToEndId>177922024</EndToEndId>
                        </Refs>
                        <RltdPties>
                            <Dbtr>
                                <Nm>Customer s.r.o.</Nm>
                            </Dbtr>
                            <DbtrAcct>
                                <Id>
                                    <Othr>
                                        <Id>6260979339</Id>
                                    </Othr>
                                </Id>
                                <Nm>Customer s.r.o.</Nm>
                            </DbtrAcct>
                        </RltdPties>
                        <RltdAgts>
                            <DbtrAgt>
                                <FinInstnId>
                                    <Othr>
                                        <Id>0800</Id>
                                    </Othr>
                                </FinInstnId>
                            </DbtrAgt>
                        </RltdAgts>
                        <RmtInf>
                            <Strd>
                                <CdtrRefInf>
                                    <Ref>VS:177922024</Ref>
                                </CdtrRefInf>
                            </Strd>
                            <Strd>
                                <CdtrRefInf>
                                    <Ref>KS:0</Ref>
                                </CdtrRefInf>
                            </Strd>
                        </RmtInf>
                        <AddtlTxInf>2024/07  IT</AddtlTxInf>
                    </TxDtls>
                </NtryDtls>
            </Ntry>
            <Ntry>
                <NtryRef>6759647789</NtryRef>
                <Amt Ccy="CZK">4840</Amt>
                <CdtDbtInd>CRDT</CdtDbtInd>
                <Sts>BOOK</Sts>
                <BookgDt>
                    <DtTm>2024-09-18T11:09:33</DtTm>
                </BookgDt>
                <ValDt>
                    <DtTm>2024-09-18T11:09:33</DtTm>
                </ValDt>
                <BkTxCd>
                    <Prtry>
                        <Cd>10000107000</Cd>
                    </Prtry>
                </BkTxCd>
                <NtryDtls>
                    <TxDtls>
                        <Refs>
                            <MsgId>6</MsgId>
                            <AcctSvcrRef>6759647789</AcctSvcrRef>
                            <PmtInfId>0</PmtInfId>
                            <InstrId>0308</InstrId>
                            <EndToEndId>178142024</EndToEndId>
                        </Refs>
                        <RltdPties>
                            <DbtrAcct>
                                <Id>
                                    <Othr>
                                        <Id>5140016517</Id>
                                    </Othr>
                                </Id>
                                <Nm>Customer s.r.o.</Nm>
                            </DbtrAcct>
                        </RltdPties>
                        <RltdAgts>
                            <DbtrAgt>
                                <FinInstnId>
                                    <Othr>
                                        <Id>5500</Id>
                                    </Othr>
                                </FinInstnId>
                            </DbtrAgt>
                        </RltdAgts>
                        <RmtInf>
                            <Strd>
                                <CdtrRefInf>
                                    <Ref>VS:178142024</Ref>
                                </CdtrRefInf>
                            </Strd>
                            <Strd>
                                <CdtrRefInf>
                                    <Ref>SS:0</Ref>
                                </CdtrRefInf>
                            </Strd>
                            <Strd>
                                <CdtrRefInf>
                                    <Ref>KS:0308</Ref>
                                </CdtrRefInf>
                            </Strd>
                        </RmtInf>
                    </TxDtls>
                </NtryDtls>
            </Ntry>
            <Ntry>
                <NtryRef>6759849693</NtryRef>
                <Amt Ccy="CZK">484</Amt>
                <CdtDbtInd>CRDT</CdtDbtInd>
                <Sts>BOOK</Sts>
                <BookgDt>
                    <DtTm>2024-09-18T12:52:38</DtTm>
                </BookgDt>
                <ValDt>
                    <DtTm>2024-09-18T12:52:38</DtTm>
                </ValDt>
                <BkTxCd>
                    <Prtry>
                        <Cd>10000107000</Cd>
                    </Prtry>
                </BkTxCd>
                <NtryDtls>
                    <TxDtls>
                        <Refs>
                            <MsgId>7</MsgId>
                            <AcctSvcrRef>6759849693</AcctSvcrRef>
                            <InstrId>308</InstrId>
                            <EndToEndId>178352024</EndToEndId>
                        </Refs>
                        <RltdPties>
                            <DbtrAcct>
                                <Id>
                                    <Othr>
                                        <Id>27-9230970257</Id>
                                    </Othr>
                                </Id>
                                <Nm>Customer s.r.o.</Nm>
                            </DbtrAcct>
                        </RltdPties>
                        <RltdAgts>
                            <DbtrAgt>
                                <FinInstnId>
                                    <Othr>
                                        <Id>0100</Id>
                                    </Othr>
                                </FinInstnId>
                            </DbtrAgt>
                        </RltdAgts>
                        <RmtInf>
                            <Strd>
                                <CdtrRefInf>
                                    <Ref>VS:178352024</Ref>
                                </CdtrRefInf>
                            </Strd>
                            <Strd>
                                <CdtrRefInf>
                                    <Ref>KS:308</Ref>
                                </CdtrRefInf>
                            </Strd>
                        </RmtInf>
                    </TxDtls>
                </NtryDtls>
            </Ntry>
            <Ntry>
                <NtryRef>6777237432</NtryRef>
                <Amt Ccy="CZK">2613.6</Amt>
                <CdtDbtInd>CRDT</CdtDbtInd>
                <Sts>BOOK</Sts>
                <BookgDt>
                    <DtTm>2024-09-24T11:34:31</DtTm>
                </BookgDt>
                <ValDt>
                    <DtTm>2024-09-24T11:34:29</DtTm>
                </ValDt>
                <BkTxCd>
                    <Prtry>
                        <Cd>10000107000</Cd>
                    </Prtry>
                </BkTxCd>
                <NtryDtls>
                    <TxDtls>
                        <Refs>
                            <MsgId>8</MsgId>
                            <AcctSvcrRef>6777237432</AcctSvcrRef>
                            <PmtInfId>66406366</PmtInfId>
                            <InstrId>0308</InstrId>
                            <EndToEndId>178312024</EndToEndId>
                        </Refs>
                        <RltdPties>
                            <Dbtr>
                                <Nm>Customer</Nm>
                            </Dbtr>
                            <DbtrAcct>
                                <Id>
                                    <Othr>
                                        <Id>148665359</Id>
                                    </Othr>
                                </Id>
                                <Nm>Customer</Nm>
                            </DbtrAcct>
                        </RltdPties>
                        <RltdAgts>
                            <DbtrAgt>
                                <FinInstnId>
                                    <Othr>
                                        <Id>0800</Id>
                                    </Othr>
                                </FinInstnId>
                            </DbtrAgt>
                        </RltdAgts>
                        <RmtInf>
                            <Strd>
                                <CdtrRefInf>
                                    <Ref>VS:178312024</Ref>
                                </CdtrRefInf>
                            </Strd>
                            <Strd>
                                <CdtrRefInf>
                                    <Ref>SS:66406366</Ref>
                                </CdtrRefInf>
                            </Strd>
                            <Strd>
                                <CdtrRefInf>
                                    <Ref>KS:0308</Ref>
                                </CdtrRefInf>
                            </Strd>
                        </RmtInf>
                        <AddtlTxInf>MICROSOFT 365 - LICENCE - BUSINESSSTANDARD - 23.7.2024 - 22</AddtlTxInf>
                    </TxDtls>
                </NtryDtls>
            </Ntry>
            <Ntry>
                <NtryRef>6790917961</NtryRef>
                <Amt Ccy="CZK">1282.6</Amt>
                <CdtDbtInd>CRDT</CdtDbtInd>
                <Sts>BOOK</Sts>
                <BookgDt>
                    <DtTm>2024-09-29T17:54:38</DtTm>
                </BookgDt>
                <ValDt>
                    <DtTm>2024-09-29T17:54:37</DtTm>
                </ValDt>
                <BkTxCd>
                    <Prtry>
                        <Cd>10000107000</Cd>
                    </Prtry>
                </BkTxCd>
                <NtryDtls>
                    <TxDtls>
                        <Refs>
                            <MsgId>9</MsgId>
                            <AcctSvcrRef>6790917961</AcctSvcrRef>
                            <InstrId>0</InstrId>
                            <EndToEndId>178332024</EndToEndId>
                        </Refs>
                        <RltdPties>
                            <Dbtr>
                                <Nm>Customer s.r.o</Nm>
                            </Dbtr>
                            <DbtrAcct>
                                <Id>
                                    <Othr>
                                        <Id>6346517389</Id>
                                    </Othr>
                                </Id>
                                <Nm>Customer s.r.o</Nm>
                            </DbtrAcct>
                        </RltdPties>
                        <RltdAgts>
                            <DbtrAgt>
                                <FinInstnId>
                                    <Othr>
                                        <Id>0800</Id>
                                    </Othr>
                                </FinInstnId>
                            </DbtrAgt>
                        </RltdAgts>
                        <RmtInf>
                            <Strd>
                                <CdtrRefInf>
                                    <Ref>VS:178332024</Ref>
                                </CdtrRefInf>
                            </Strd>
                            <Strd>
                                <CdtrRefInf>
                                    <Ref>KS:0</Ref>
                                </CdtrRefInf>
                            </Strd>
                        </RmtInf>
                        <AddtlTxInf>LICENCE MICROSOFT 365 - 08/2024</AddtlTxInf>
                    </TxDtls>
                </NtryDtls>
            </Ntry>
            <Ntry>
                <NtryRef>6793077926</NtryRef>
                <Amt Ccy="CZK">968</Amt>
                <CdtDbtInd>CRDT</CdtDbtInd>
                <Sts>BOOK</Sts>
                <BookgDt>
                    <DtTm>2024-09-30T14:46:48</DtTm>
                </BookgDt>
                <ValDt>
                    <DtTm>2024-09-30T14:46:48</DtTm>
                </ValDt>
                <BkTxCd>
                    <Prtry>
                        <Cd>10000107000</Cd>
                    </Prtry>
                </BkTxCd>
                <NtryDtls>
                    <TxDtls>
                        <Refs>
                            <MsgId>10</MsgId>
                            <AcctSvcrRef>6793077926</AcctSvcrRef>
                            <EndToEndId>178322024</EndToEndId>
                        </Refs>
                        <RltdPties>
                            <DbtrAcct>
                                <Id>
                                    <Othr>
                                        <Id>1041063002</Id>
                                    </Othr>
                                </Id>
                                <Nm>Customer s.r.o.</Nm>
                            </DbtrAcct>
                        </RltdPties>
                        <RltdAgts>
                            <DbtrAgt>
                                <FinInstnId>
                                    <Othr>
                                        <Id>5500</Id>
                                    </Othr>
                                </FinInstnId>
                            </DbtrAgt>
                        </RltdAgts>
                        <RmtInf>
                            <Strd>
                                <CdtrRefInf>
                                    <Ref>VS:178322024</Ref>
                                </CdtrRefInf>
                            </Strd>
                        </RmtInf>
                        <AddtlTxInf>MICROSOFT 365 - LICENCE - 6.7.2024 - 5.8.2024</AddtlTxInf>
                    </TxDtls>
                </NtryDtls>
            </Ntry>
            <Ntry>
                <NtryRef>6794732023</NtryRef>
                <Amt Ccy="CZK">99</Amt>
                <CdtDbtInd>DBIT</CdtDbtInd>
                <Sts>BOOK</Sts>
                <BookgDt>
                    <DtTm>2024-09-30T23:59:59</DtTm>
                </BookgDt>
                <ValDt>
                    <DtTm>2024-09-30T23:59:59</DtTm>
                </ValDt>
                <BkTxCd>
                    <Prtry>
                        <Cd>40000605000</Cd>
                    </Prtry>
                </BkTxCd>
                <NtryDtls>
                    <TxDtls>
                        <Refs>
                            <MsgId>11</MsgId>
                            <AcctSvcrRef>6794732023</AcctSvcrRef>
                            <InstrId>898</InstrId>
                        </Refs>
                        <RmtInf>
                            <Strd>
                                <CdtrRefInf>
                                    <Ref>KS:898</Ref>
                                </CdtrRefInf>
                            </Strd>
                        </RmtInf>
                        <AddtlTxInf>Souhrnná položka k účtu 2800061687.</AddtlTxInf>
                    </TxDtls>
                </NtryDtls>
            </Ntry>
            <Ntry>
                <NtryRef>6795564214</NtryRef>
                <Amt Ccy="CZK">1669.56</Amt>
                <CdtDbtInd>DBIT</CdtDbtInd>
                <Sts>BOOK</Sts>
                <BookgDt>
                    <DtTm>2024-09-30T23:59:59</DtTm>
                </BookgDt>
                <ValDt>
                    <DtTm>2024-09-30T23:59:59</DtTm>
                </ValDt>
                <BkTxCd>
                    <Prtry>
                        <Cd>40000601000</Cd>
                    </Prtry>
                </BkTxCd>
                <NtryDtls>
                    <TxDtls>
                        <Refs>
                            <MsgId>12</MsgId>
                            <AcctSvcrRef>6795564214</AcctSvcrRef>
                            <InstrId>598</InstrId>
                        </Refs>
                        <RmtInf>
                            <Strd>
                                <CdtrRefInf>
                                    <Ref>KS:598</Ref>
                                </CdtrRefInf>
                            </Strd>
                        </RmtInf>
                        <AddtlTxInf>Úrok 09/2024</AddtlTxInf>
                    </TxDtls>
                </NtryDtls>
            </Ntry>
            <Ntry>
                <NtryRef>6795566057</NtryRef>
                <Amt Ccy="CZK">15.84</Amt>
                <CdtDbtInd>DBIT</CdtDbtInd>
                <Sts>BOOK</Sts>
                <BookgDt>
                    <DtTm>2024-09-30T23:59:59</DtTm>
                </BookgDt>
                <ValDt>
                    <DtTm>2024-09-30T23:59:59</DtTm>
                </ValDt>
                <BkTxCd>
                    <Prtry>
                        <Cd>10000301000</Cd>
                    </Prtry>
                </BkTxCd>
                <NtryDtls>
                    <TxDtls>
                        <Refs>
                            <MsgId>13</MsgId>
                            <AcctSvcrRef>6795566057</AcctSvcrRef>
                            <InstrId>898</InstrId>
                        </Refs>
                        <RmtInf>
                            <Strd>
                                <CdtrRefInf>
                                    <Ref>KS:898</Ref>
                                </CdtrRefInf>
                            </Strd>
                        </RmtInf>
                        <AddtlTxInf>Úrok 09/2024</AddtlTxInf>
                    </TxDtls>
                </NtryDtls>
            </Ntry>
        </Stmt>
    </BkToCstmrStmt>
</Document>